@article{walker2009real,
  title={The real cost of a CPU hour},
  author={Walker, Edward},
  journal={Computer},
  volume={42},
  number={4},
  pages={35--41},
  year={2009},
  publisher={IEEE}
}
% discusses whether cloud servers are better than bought
% on grounds of CPU lifetimes & deprecation
% as well as less infrastructure investment being required

@article{hart2016carbon,
  title={Carbon Emission Implications of ICT re-use at the University of Edinburgh},
  author={Hart, J},
  journal={Edinburgh: Independent Consultant and ECCI Associate, for the University of Edinburgh Department for Social Responsibility and Sustainability},
  year={2016}
}
% discusses the benefit of extending computer lifetimes
% by cleaning PCs at the end of their lifetime and giving
% them to users who need less power

@misc{lannelongue2021ten,
  title={Ten simple rules to make your computing more environmentally sustainable},
  author={Lannelongue, Lo{\"\i}c and Grealey, Jason and Bateman, Alex and Inouye, Michael},
  journal={PLoS Computational Biology},
  volume={17},
  number={9},
  pages={e1009324},
  year={2021},
  publisher={Public Library of Science San Francisco, CA USA}
}
% discusses ten rules for making computing more sustainable
% some fun facts:
% a European car emits on average 175 gCO2e/km
% flying in Economy from Paris to London emits 50,000 gCO2e
% streaming Netflix emits 55 gCO2e/hour

@article{akbari2002shade,
  title={Shade trees reduce building energy use and CO2 emissions from power plants},
  author={Akbari, Hashem},
  journal={Environmental pollution},
  volume={116},
  pages={S119--S126},
  year={2002},
  publisher={Elsevier}
}
% a *mature* tree sequesters 11,000 gCO2 per year

@misc{atken2020unreasonable,
  title={The Unreasonable Ecological Cost of \#CryptoArt},
  author={Atken, Memo},
  url={https://memoakten.medium.com/the-unreasonable-ecological-cost-of-cryptoart-2221d3eb2053},
  year={2020},
  note={Accessed: 2021-12-23}
}

@misc{redman2020NFT,
  title={NFT Economy Grows Exponential: \$1M in Non-Fungible Token Sales Last Week},
  author={Redman, Jamie},
  url={https://news.bitcoin.com/nft-economy-grows-exponential-1m-in-non-fungible-token-sales-last-week/},
  year={2020},
  note={Accessed: 2021-12-23}
}

@misc{qiu2021what,
  title={NFT's environmental impact},
  author={Qiu, Jiahui},
  url={https://earth.org/nfts-environmental-impact/},
  year={2021},
  note={Accessed: 2021-12-23}
}

@misc{narayanan2017bitcoin,
  title={Bitcoin and Cryptocurrency Technologies: A Comprehensive Introduction},
  author={Narayanan, Arvind and Bonneau, Joseph and Felten, Edward and Miller, Andrew and Goldfeder, Steven},
  year={2017},
  publisher={Princeton University Press}
}

@incollection{forster2007changes,
  title={Changes in atmospheric constituents and in radiative forcing. Chapter 2},
  author={Forster, Piers and Ramaswamy, Venkatachalam and Artaxo, Paulo and Berntsen, Terje and Betts, Richard and Fahey, David W and Haywood, James and Lean, Judith and Lowe, David C and Myhre, Gunnar and others},
  booktitle={Climate change 2007. The physical science basis},
  publisher={Cambridge University Press},
  year={2007}
}

@article{saleh2021blockchain,
  title={Blockchain without waste: Proof-of-stake},
  author={Saleh, Fahad},
  journal={The Review of Financial Studies},
  volume={34},
  number={3},
  pages={1156--1190},
  year={2021},
  publisher={Oxford University Press}
}

@article{ghussain2020biggest,
  title={The biggest problem with carbon offsetting is that it doesnâ€™t really work},
  author={al Ghussain, Alia},
  journal={Greenpeace},
  year={2021}
}

@article{imrie2021generating,
  title={Generating property-matched decoy molecules using deep learning},
  author={Imrie, Fergus and Bradley, Anthony R and Deane, Charlotte M},
  journal={Bioinformatics},
  volume={37},
  number={15},
  pages={2134--2141},
  year={2021},
  publisher={Oxford University Press}
}

@article{bhattacharya2020model,
  title={Model reduction and neural networks for parametric PDEs},
  author={Bhattacharya, Kaushik and Hosseini, Bamdad and Kovachki, Nikola B and Stuart, Andrew M},
  journal={arXiv preprint arXiv:2005.03180},
  year={2020}
}

@article{deng2012mnist,
  title={The MNIST database of handwritten digit images for machine learning research},
  author={Deng, Li},
  journal={IEEE Signal Processing Magazine},
  volume={29},
  number={6},
  pages={141--142},
  year={2012},
  publisher={IEEE}
}

@inproceedings{klimt2004enron,
  title={The enron corpus: A new dataset for email classification research},
  author={Klimt, Bryan and Yang, Yiming},
  booktitle={European Conference on Machine Learning},
  pages={217--226},
  year={2004},
  organization={Springer}
}

@article{strubell2019energy,
  title={Energy and policy considerations for deep learning in NLP},
  author={Strubell, Emma and Ganesh, Ananya and McCallum, Andrew},
  journal={arXiv preprint arXiv:1906.02243},
  year={2019}
}

@article{waters2019energy,
  title={Energy Consumption in the UK (ECUK) 1970 to 2019},
  author={Waters, Liz},
  journal={ECUK},
  publisher={UK Department for Business, Energy and the Industrial Strategy},
  year={2019}}

@article{grealey2021carbon,
  title={The carbon footprint of bioinformatics},
  author={Grealey, Jason G and Lannelongue, Lo{\"\i}c and Saw, Woeiyuh and Marten, Jonathan and M{\'e}ric, Guillaume and Carmona, Sergio Ruiz and Inouye, Michael},
  journal={bioRxiv},
  year={2021},
  publisher={Cold Spring Harbor Laboratory}
}

@article{lannelongue2021green,
  title={Green algorithms: Quantifying the carbon footprint of computation},
  author={Lannelongue, Lo{\"\i}c and Grealey, Jason and Inouye, Michael},
  journal={Advanced Science},
  pages={2100707},
  year={2021},
  publisher={Wiley Online Library}
}

@misc{heer2018speed,
  title={Speed comparison of various programming languages},
  author={Heer, Niklas},
  url={https://github.com/niklas-heer/speed-comparison},
  year={2018},
  note={Accessed: 2021-12-28}
}

@article{shehabi2016united,
  title={United states data center energy usage report},
  author={Shehabi, Arman and Smith, Sarah and Sartor, Dale and Brown, Richard and Herrlin, Magnus and Koomey, Jonathan and Masanet, Eric and Horner, Nathaniel and Azevedo, In{\^e}s and Lintner, William},
  year={2016},
  publisher={Lawrence Berkeley National Laboratory}
}

@article{aslan2018electricity,
  title={Electricity intensity of Internet data transmission: Untangling the estimates},
  author={Aslan, Joshua and Mayers, Kieren and Koomey, Jonathan G and France, Chris},
  journal={Journal of Industrial Ecology},
  volume={22},
  number={4},
  pages={785--798},
  year={2018},
  publisher={Wiley Online Library}
}

@misc{barker2021research,
  title={Research Software Engineering to reduce the environmental impact of a long-running script},
  author={Barker, Gary},
  url={https://bristol.ac.uk/acrc/research-software-engineering/case-studies/minimalmarkers/},
  publisher={University of Bristol Advanced Computing Research Centre},
  year={2021},
  note={Accessed: 2021-12-23}
}

@book{findlay2021practical,
  title={A Practical Guide to the ISIS Neutron and Muon Source},
  author={David Findlay},
  year={2021},
  publisher={UKRI Creative Services}
}

@misc{dell2021powerstore,
  title={Dell PowerStore9000T PCF datasheet},
  publisher={Dell Technologies},
  url={https://www.delltechnologies.com/asset/en-us/products/storage/technical-support/powerstore9000t-pcf-datasheet.pdf},
  year={2021},
  note={Accessed: 2022-02-04}
}

@inproceedings{moore2007disk,
  title={Disk and tape storage cost models},
  author={Moore, Richard L and D'Aoust, Jim and McDonald, Robert H and Minor, David},
  booktitle={Archiving Conference},
  volume={1},
  pages={29--32},
  year={2007},
  organization={Society for Imaging Science and Technology}
}

@inproceedings{jaya2020sneakernet,
  title={Sneakernet: A technological overview and improvement},
  author={Jaya, Andika Candra and Safitri, Cutifa and Mandala, Rila},
  booktitle={2020 IEEE International Conference on Sustainable Engineering and Creative Computing (ICSECC)},
  pages={287--291},
  year={2020},
  organization={IEEE}
}

@misc{mercedes2019sprinter,
  title={Mercedes-Benz Sprinter promotional brochure},
  publisher={Mercedes-Benz},
  year={2019},
  url={https://www.mercedes-benz.co.uk/vans/content/dam/vans/united-kingdom/sprinter-panel-van/Sprinter%20brochure.pdf},
  note={Accessed: 2022-02-04}
}

@misc{hubbard2021new,
  title={New British-built Arrival electric van: in-depth info, official pics and more},
  publisher={Parkers.co.uk},
  author={Hubbard, CJ},
  year={2021},
  url={https://www.parkers.co.uk/vans-pickups/news/2021/arrival-electric-van/},
  note={Accessed: 2022-02-04}
}
  
@article{ospina2018cooling,
  title={Cooling Your Home but Warming the Planet: How We Can Stop Air Conditioning from Worsening Climate Change},
  author={Ospina, Christina},
  journal={Climate Institute. New York},
  pages={9},
  year={2018}
}

@inproceedings{nguyen2020architecting,
author = {Nguyen, Bichlien and Sinistore, Julie and Smith, Jake and Arshi, Praneet S. and Johnson, Lauren M. and Kidman, Tim and diCaprio, T.J. and Carmean, Doug and Strauss, Karin},
title = {Architecting Datacenters for Sustainability: Greener Data Storage using Synthetic DNA},
organization = {Fraunhofer IZM},
booktitle = {Electronics Goes Green 2020},
year = {2020},
month = {September},
publisher = {IEEE},
url = {https://www.microsoft.com/en-us/research/publication/architecting-datacenters-for-sustainability-greener-data-storage-using-synthetic-dna/},
}

@article{masanet2013energy,
  title={The Energy Efficiency Potential of Cloud-Based Software: A U.S. Case Study},
  author={Masanet, Eric and Shehabi, Arman and Ramakrishnan, Lavanya and Liang, Jiaqi and Ma, Xiaohui and Walker, Benjamin and Hendrix, Valerie and Mantha, Pradeep},
  publisher={Lawrence Berkeley National Laboratory},
  year={2013}
}

@article{holzle2020data,
  title={Data centers are more energy efficient than ever},
  author={H{\"o}lzle, Urs},
  url={https://www.blog.google/outreach-initiatives/sustainability/data-centers-energy-efficient},
  year={2020}
}

@article{masanet2020recalibrating,
  title={Recalibrating global data center energy-use estimates},
  author={Masanet, Eric and Shehabi, Arman and Lei, Nuoa and Smith, Sarah and Koomey, Jonathan},
  journal={Science},
  volume={367},
  number={6481},
  pages={984--986},
  year={2020},
  publisher={American Association for the Advancement of Science}
}

@misc{evans2016deepmind,
  title={DeepMind AI Reduces Google Data Centre Cooling Bill by 40%},
  publisher={deepmind.com},
  author={Evans, Richard and Gao, Jim},
  year={2016},
  url={https://deepmind.com/blog/article/deepmind-ai-reduces-google-data-centre-cooling-bill-40/},
  note={Accessed: 2022-02-09}
}

@misc{apple2019product,
  title={iPhone 11 Product Environmental Report},
  publisher={Apple},
  year={2019},
  url={https://www.apple.com/environment/pdf/products/iphone/iPhone_11_PER_sept2019.pdf},
  note={Accessed: 2022-02-09}
}

@misc{uk2020greenhouse,
  title={Greenhouse gas reporting: conversion factors 2020},
  publisher={UK Government Department for Business, Energy & Industrial Strategy},
  year={2020},
  url={https://www.gov.uk/government/publications/greenhouse-gas-reporting-conversion-factors-2020},
  note={Accessed: 2022-02-09}
}

@article{watkins1983public,
  title={The public control of woodland management},
  author={Watkins, Charles},
  journal={The Town Planning Review},
  volume={54},
  number={4},
  pages={437--459},
  year={1983},
  publisher={JSTOR}
}

@article{turetsky2015global,
  title={Global vulnerability of peatlands to fire and carbon loss},
  author={Turetsky, Merritt R and Benscoter, Brian and Page, Susan and Rein, Guillermo and Van Der Werf, Guido R and Watts, Adam},
  journal={Nature Geoscience},
  volume={8},
  number={1},
  pages={11--14},
  year={2015},
  publisher={Nature Publishing Group}
}

@article{gewin2020peat,
  title={How peat could protect the planet.},
  author={Gewin, Virginia},
  journal={Nature},
  volume={578},
  number={7794},
  pages={204--209},
  year={2020},
  publisher={Nature Publishing Group}
}

@article{yu2020hotels,
  title={Hotelsâ€™ eco-friendly physical environment as nature-based solutions for decreasing burnout and increasing job satisfaction and performance},
  author={Yu, Jongsik and Ariza-Montes, Antonio and Hern{\'a}ndez-Perlines, Felipe and Vega-Mu{\~n}oz, Alejandro and Han, Heesup},
  journal={International Journal of Environmental Research and Public Health},
  volume={17},
  number={17},
  pages={6357},
  year={2020},
  publisher={Multidisciplinary Digital Publishing Institute}
}

@article{miles1993eco,
  title={The eco-orientation: an emerging business philosophy?},
  author={Miles, Morgan P and Munilla, Linda S},
  journal={Journal of Marketing Theory and Practice},
  pages={43--51},
  year={1993},
  publisher={JSTOR}
}

@article{reverte2016influence,
  title={The influence of corporate social responsibility practices on organizational performance: evidence from Eco-Responsible Spanish firms},
  author={Reverte, Carmelo and Gomez-Melero, Eduardo and Cegarra-Navarro, Juan Gabriel},
  journal={Journal of Cleaner Production},
  volume={112},
  pages={2870--2884},
  year={2016},
  publisher={Elsevier}
}

@article{aranganathan2018green,
  title={Green recruitment: A new-fangled approach to attract and retain talent},
  author={Aranganathan, P},
  journal={International Journal of Business Management \& Research},
  volume={8},
  number={2},
  pages={69--76},
  year={2018}
}

@article{gyongyosi2019survey,
  title={A survey on quantum computing technology},
  author={Gyongyosi, Laszlo and Imre, Sandor},
  journal={Computer Science Review},
  volume={31},
  pages={51--71},
  year={2019},
  publisher={Elsevier}
}

@article{ikonen2017energy,
  title={Energy-efficient quantum computing},
  author={Ikonen, Joni and Salmilehto, Juha and M{\"o}tt{\"o}nen, Mikko},
  journal={npj Quantum Information},
  volume={3},
  number={1},
  pages={1--7},
  year={2017},
  publisher={Nature Publishing Group}
}

@article{giani2021quantum,
  title={Quantum computing opportunities in renewable energy},
  author={Giani, Annarita and Eldredge, Zachary},
  journal={SN Computer Science},
  volume={2},
  number={5},
  pages={1--15},
  year={2021},
  publisher={Springer}
}

@book{national2019quantum,
  title={Quantum computing: progress and prospects},
  author={National Academies of Sciences, Engineering, and Medicine and others},
  year={2019},
  publisher={National Academies Press}
}

@article{shang2018time,
  title={Time-reversal symmetry breaking in Re-based superconductors},
  author={Shang, Tian and Smidman, Michael and Ghosh, Saikat K and Baines, Christopher and Chang, Lieh-Jeng and Gawryluk, DJ and Barker, Joel AT and Singh, Ravi P and Paul, D McK and Balakrishnan, Geetha and others},
  journal={Physical review letters},
  volume={121},
  number={25},
  pages={257002},
  year={2018},
  publisher={APS}
}


